@article{2018_PRL,
  title = {Switching of Magnons by Electric and Magnetic Fields in Multiferroic Borates},
  author = {Kuzmenko, A. M. and Szaller, D. and Kain, Th. and Dziom, V. and Weymann, L. and Shuvaev, A. and Pimenov, Anna and Mukhin, A. A. and Ivanov, V. Yu. and Gudim, I. A. and Bezmaternykh, L. N. and Pimenov, A.},
  journal = {Phys. Rev. Lett.},
  volume = {120},
  issue = {2},
  pages = {027203},
  numpages = {6},
  year = {2018},
  month = {Jan},
  publisher = {American Physical Society},
  doi = {10.1103/PhysRevLett.120.027203},
  url = {https://link.aps.org/doi/10.1103/PhysRevLett.120.027203}
}

@article{2014_JETP,
 author="Popova, M. N.
and Chukalina, E. P.
and Malkin, B. Z.
and Erofeev, D. A.
and Bezmaternykh, L. N.
and Gudim, I. A.",
title="Crystal field and exchange interactions in the {SmFe}$_3$({BO}$_3$)$_4$ multiferroic",
journal="J. Exp. Theor. Phys.",
year="2014",
month="Jan",
day="01",
volume="118",
number="1",
pages="111--123",
doi="10.1134/S1063776114010142",
url="https://doi.org/10.1134/S1063776114010142"
}

@Article{2010_JETP,
author="Popov, Yu. F.
and Pyatakov, A. P.
and Kadomtseva, A. M.
and Vorob'ev, G. P.
and Zvezdin, A. K.
and Mukhin, A. A.
and Ivanov, V. Yu.
and Gudim, I. A.",
title="Peculiarities in the magnetic, magnetoelectric, and magnetoelastic properties of {SmFe}$_3${(BO}$_3$)$_4$ multiferroic",
journal="J. Exp. Theor. Phys.",
year="2010",
volume="111",
number="2",
pages="199--203",
doi="10.1134/S1063776110080066",
url="http://dx.doi.org/10.1134/S1063776110080066"
}

@article{2012_JPhys,
  author={Ritter, C. and Pankrats, A. and Gudim, I. and Vorotynov, A.},
  title={Determination of the magnetic structure of {SmFe}$_3${(BO}$_3$)$_4$ by neutron diffraction: comparison with other {RFe}$_3${(BO}$_3$)$_4$ iron borates},
  journal={J. Phys.: Condens. Matter},
  volume={24},
  number={38},
  pages={386002},
  url={http://stacks.iop.org/0953-8984/24/i=38/a=386002},
  year={2012},

}

@article{1992_MFF,
  author =       "Brown P J",
  title =        "Magnetic Form Factors",
  journal =      "International Tables for Crystallography",
  volume =       "\bm{C}",
  number =       "",
  pages =        "",
  year =         "1992",
}

@article{2010_Phys_Lett, 
  title =       "Spectroscopic study of the magnetic ordering in SmFe$_3$(BO$_3$)$_4$",
  author =       "E. P. Chukalina and M. N. Popova and L. N. Bezmaternykh and I. A. Gudim",
  journal =       "Phys. Lett. A",
  year =       "2010",
  pages =       "1790, 1792",
  volume =       "374",
  doi =       "10.1016/j.physleta.2010.02.018"
}

@article{2015_PR,
  author =       "I. A. Gudim and L. N. Bezmaternykh",
  title =        "",
  journal =      "Physical Review",
  volume =       "\bm{B 92}",
  number =       " 184409",
  pages =        "",
  year =         "2015",
}

@article{2016_NN,
  author =       "Jungwirth, T. and Marti, X. and Wadley, P. and Wunderlich, J.",
  title =        " Antiferromagnetic
spintronics",
  journal =      "Nat. Nanotech",
  volume =       "\bm{11}",
  number =       "",
  pages =        "231–241",
  year =         "2016",
}

@article{dataevaluation,
author = {Withayachumnankul, Withawat and Ferguson, B and Rainsford, T and Mickan, Samuel and Abbott, Derek},
year = {2005},
month = {07},
pages = {},
title = {Material parameter extraction for terahertz time-domain spectroscopy using fixed-point iteration},
volume = {5840},
journal = {Proceedings of SPIE - The International Society for Optical Engineering},
doi = {10.1117/12.612946}
}
@article{2002thz,
doi = {10.1088/0957-0233/13/11/309},
url = {https://dx.doi.org/10.1088/0957-0233/13/11/309},
year = {2002},
month = {oct},
publisher = {},
volume = {13},
number = {11},
pages = {1727},
author = {M Hangyo and  T Nagashima and  S Nashima},
title = {Spectroscopy by pulsed terahertz radiation},
journal = {Measurement Science and Technology}
}

@Article{Kuzmenko_2011,
author={Kuz'menko, A. M.
and Mukhin, A. A.
and Ivanov, V. Yu.
and Kadomtseva, A. M.
and Bezmaternykh, L. N.},
title={Effects of the interaction between R and Fe modes of the magnetic resonance in RFe3(BO3)4 rare-earth iron borates},
journal={JETP Letters},
year={2011},
month={Oct},
day={28},
volume={94},
number={4},
pages={294},
issn={1090-6487},
doi={10.1134/S0021364011160119},
url={https://doi.org/10.1134/S0021364011160119}
}

@article{NEMEC2005,
title = {Independent determination of the complex refractive index and wave impedance by time-domain terahertz spectroscopy},
journal = {Optics Communications},
volume = {260},
number = {1},
pages = {175-183},
year = {2006},
issn = {0030-4018},
doi = {https://doi.org/10.1016/j.optcom.2005.10.019},
url = {https://www.sciencedirect.com/science/article/pii/S0030401805010801},
author = {H. Němec and F. Kadlec and P. Kužel and L. Duvillaret and J.-L. Coutaz}
}

@phdthesis{sthesis2011,
  author  = "S Bordács",
  title   = "Exotic magneto-optical effects
in solids",
  school  = "Budapest University of Technology and Economics",
  year    = "2011"
}

@Article{Jungwirth2016,
author={Jungwirth, T.
and Marti, X.
and Wadley, P.
and Wunderlich, J.},
title={Antiferromagnetic spintronics},
journal={Nature Nanotechnology},
year={2016},
month={Mar},
day={01},
volume={11},
number={3},
pages={231-241},
issn={1748-3395},
doi={10.1038/nnano.2016.18},
url={https://doi.org/10.1038/nnano.2016.18}
}

@Article{Němec2018,
author={N{\v{e}}mec, P.
and Fiebig, M.
and Kampfrath, T.
and Kimel, A. V.},
title={Antiferromagnetic opto-spintronics},
journal={Nature Physics},
year={2018},
month={Mar},
day={01},
volume={14},
number={3},
pages={229-241},
issn={1745-2481},
doi={10.1038/s41567-018-0051-x},
url={https://doi.org/10.1038/s41567-018-0051-x}
}

@article{AMILS201623,
title = {Thermal conductivity of silver loaded conductive epoxy from cryogenic to ambient temperature and its application for precision cryogenic noise measurements},
journal = {Cryogenics},
volume = {76},
pages = {23-28},
year = {2016},
issn = {0011-2275},
doi = {https://doi.org/10.1016/j.cryogenics.2016.03.001},
url = {https://www.sciencedirect.com/science/article/pii/S0011227515300400},
author = {Ricardo I. Amils and Juan Daniel Gallego and José Luis Sebastián and Sagrario Muñoz and Agustín Martín and Arnulf Leuther},
keywords = {Cryogenic noise measurement, Conductive epoxy, Non-conductive epoxy, Thermal conductivity, Cryogenic low noise amplifiers},
}

@article{PhysRevBdavid,
  title = {Magnetic resonances of multiferroic ${\mathrm{TbFe}}_{3}{({\mathrm{BO}}_{3})}_{4}$},
  author = {Szaller, D\'avid and Kocsis, Vilmos and Bord\'acs, S\'andor and Feh\'er, Titusz and R\~o\~om, Toomas and Nagel, Urmas and Engelkamp, Hans and Ohgushi, Kenya and K\'ezsm\'arki, Istv\'an},
  journal = {Phys. Rev. B},
  volume = {95},
  issue = {2},
  pages = {024427},
  numpages = {7},
  year = {2017},
  month = {Jan},
  publisher = {American Physical Society},
  doi = {10.1103/PhysRevB.95.024427},
  url = {https://link.aps.org/doi/10.1103/PhysRevB.95.024427}
}

@article{gow_2016,
author = {Gow, Paul},
year = {2016},
month = {07},
pages = {},
title = {Schottky enhanced photo-Dember terahertz emitters},
}

@article{naftaly2021terahertz,
  author = {Naftaly, M. and Gregory, A.},
  title = {Terahertz and Microwave Optical Properties of Single-Crystal Quartz and Vitreous Silica and the Behavior of the Boson Peak},
  journal = {Appl. Sci.},
  volume = {11},
  year = {2021},
  pages = {6733},
  doi = {10.3390/app11156733},
  url = {https://doi.org/10.3390/app11156733}
}